<?xml version="1.0" encoding="UTF-8"?><collection xmlns="http://www.loc.gov/MARC21/slim"><record><leader>00500nam--2200133-i-4500</leader><controlfield tag="001">000011403</controlfield><controlfield tag="002">20161230</controlfield><controlfield tag="005">20161230201029</controlfield><controlfield tag="008">060222s1000------------r-----000-0-eng-d</controlfield><datafield ind1=" " ind2=" " tag="245"><subfield code="a">Coherence and quantum optics. proceedings of t he third rochester conference on coherence and quantum optics held at the university of roche ster, june 21-23, 1972</subfield></datafield><datafield ind1=" " ind2=" " tag="260"><subfield code="a">New York, Plenum Press, 1973</subfield></datafield><datafield ind1=" " ind2=" " tag="490"><subfield code="a">Xiv+913p</subfield></datafield><datafield ind1=" " ind2=" " tag="700"><subfield code="a">Mandel, L.And Wolf, E</subfield></datafield><datafield ind1=" " ind2=" " tag="852"><subfield code="a">621.375.826(061.3):530.145(061.3):537.8(061.3)</subfield></datafield></record></collection>